%% This BibTeX bibliography file was created using BibDesk.
%% https://bibdesk.sourceforge.io/

%% Created for Kaitlyn Shevlin at 2022-10-09 22:51:51 -0400 


%% Saved with string encoding Unicode (UTF-8) 



@article{Nag2022Tennis,
	author = {Utathya Nag},
	journal = {Olympics.com},
	publisher = {Olympics},
	title = {Tennis rankings: How they work and difference between ATP and WTA systems},
	year = {2022}}

@article{Ifttennis2021Grand,
	author = {Ifttennis},
	journal = {Itftennis.com},
	publisher = {International Tennis Federation},
	title = {GRAND SLAM TOURNAMENTS},
	year = {2021}}

@article{Jurejko2018French,
	author = {Jonathan Jurejko},
	journal = {BBC Sport},
	publisher = {Society for Tennis Medicine and Science},
	title = {French Open 2018: Why does 'king of clay' Rafael Nadal reign supreme?},
	year = {2018}}

@mastersthesis{Sipko2015Machine,
	author = {Michal Sipko},
	institution = {Imperial College London},
	title = {Machine Learning for the Prediction of Professional Tennis Matches},
	year = {2015}}

@book{Albert2016Handbook,
	author = {Jim Albert, Mark E. Glickman, Tim B. Swartz, Ruud H. Koning},
	publisher = {CRC Press},
	title = {Handbook of Statistical Methods and Analyses in Sports},
	year = {2016}}

@misc{Wonduk2022Men,
	author = {Jim Albert, Mark E. Glickman, Tim B. Swartz, Ruud H. Koning},
	number = {2},
	title = {Men's Tennis Grand Slam Winner dataset},
	year = {2022}}

@article{Schwartz1977The,
	author = {Tristan Barnett and Graham Pollard},
	journal = {Medicine and Science in Tennis},
	number = {1},
	pages = {34--37},
	publisher = {Society for Tennis Medicine and Science},
	title = {How the tennis court surface affects player performance and injuries},
	volume = {12},
	year = {2007}}

@misc{TennisBetting,
  	title = {Tennis Betting: Tennis Results: Tennis Odds},
	journal = {tennis-data.co.uk},
	year = {2022}}

 @misc{Sell2022How,
 	title={How do tennis rankings work? (easy guide)}, 
	url={https://mytennishq.com/how-do-tennis-players-earn-ranking-points/}, 
	journal={My Tennis HQ}, 
	author={Sell, Karue}, 
	year={2022}, 
	month={Feb}} 

 @misc{Bodo2022Rankings, 
 	title={Rankings roulette: What's the best way to determine who is no. 1?}, 
	url={https://www.tennis.com/news/articles/rankings-roulette-what-s-the-best-way-to-determine-who-is-no-1}, 
	journal={Tennis.com}, 
	publisher={Tennis.com}, 
	author={Bodo, Peter}, 
	year={2022}, 
	month={Jun}} 
